%%
%% This BibTeX bibliography file was created using BibDesk. (MAC OS Only)
%% http://bibdesk.sourceforge.net/
%%

%%
%% Created for Lauro Cesar Araujo at 2013-08-21 10:57:09 -0300
%% Saved with string encoding Unicode (UTF-8)
%%

%
% Graphical Java application for managing BibTeX and BibLaTeX (.bib) databases (Windows/Linux/MAC)
% https://github.com/JabRef/jabref
%
% BibDesk-like software for Windows
% https://tex.stackexchange.com/questions/9454/bibdesk-like-software-for-windows
%
% LaTeX Bibliography Management
% https://en.wikibooks.org/wiki/LaTeX/Bibliography_Management#BibTeX
%
%
% $ date "+%Y-%m-%d %H:%M:%S"
% 2017-08-28 09:18:02
%
% YYYY-MM-DD format date in shell script
% https://stackoverflow.com/questions/1401482/yyyy-mm-dd-format-date-in-shell-script
%



@book{ibge1993,
    Address = {Rio de Janeiro},
    Author = {IBGE},
    Date-Added = {2013-08-21 13:56:10 +0000},
    Date-Modified = {2013-08-21 13:56:10 +0000},
    Edition = {3},
    Organization = {http://biblioteca.ibge.gov.br/visualizacao/livros/liv23907.pdf},
    Publisher = {Centro de Documentação e Disseminação de Informações. Fundação Instituto Brasileiro de Geografia e Estatística},
    Title = {Normas de apresentação tabular},
    Urlaccessdate = {2013-08-21},
    Year = {1993}}

@misc{abntex2-wiki-como-customizar,
    Author = {abnTeX2},
    Date-Added = {2013-03-23 21:39:21 +0000},
    Date-Modified = {2013-03-23 21:44:20 +0000},
    Howpublished = {Wiki do abnTeX2},
    Keywords = {wiki},
    Title = {Como customizar o abnTeX2},
    Url = {https://code.google.com/p/abntex2/wiki/ComoCustomizar},
    Urlaccessdate = {2013-03-23},
    Year = {2013},
    Bdsk-Url-1 = {https://code.google.com/p/abntex2/wiki/ComoCustomizar}}

@manual{talbot2012,
    Author = {Nicola L.C. Talbot},
    Date-Added = {2013-03-11 12:06:04 +0000},
    Date-Modified = {2013-03-11 12:06:56 +0000},
    Month = {11},
    Title = {User Manual for glossaries.sty},
    Url = {http://mirrors.ctan.org/macros/latex/contrib/glossaries/glossaries-user.pdf},
    Urlaccessdate = {2013-03-11},
    Year = {2012},
    Bdsk-Url-1 = {http://mirrors.ctan.org/macros/latex/contrib/glossaries/glossaries-user.pdf}}

@manual{babel,
    Author = {Johannes Braams},
    Date-Added = {2013-02-17 13:37:14 +0000},
    Date-Modified = {2013-02-17 13:38:38 +0000},
    Month = {04},
    Title = {Babel, a multilingual package for use with LATEX's standard document classes},
    Url = {http://mirrors.ctan.org/info/babel/babel.pdf},
    Urlaccessdate = {2013-02-17},
    Year = {2008},
    Bdsk-Url-1 = {http://mirrors.ctan.org/info/babel/babel.pdf}}

@manual{abntex2modelo-artigo,
    Annote = {Este documento é derivado do \cite{abnt-bibtex-doc}},
    Author = {abnTeX2},
    Date-Added = {2013-01-15 00:10:35 +0000},
    Date-Modified = {2013-02-04 12:05:47 +0000},
    Organization = {Equipe abnTeX2},
    Title = {Modelo Canônico de Artigo Científico com abnTeX2},
    Url = {http://abntex2.googlecode.com/},
    Year = {2013},
    Bdsk-Url-1 = {http://code.google.com/p/abntex2/}}

@manual{abntex2modelo-relatorio,
    Annote = {Este documento é derivado do \cite{abnt-bibtex-doc}},
    Author = {abnTeX2},
    Date-Added = {2013-01-15 00:05:34 +0000},
    Date-Modified = {2013-02-04 12:05:50 +0000},
    Organization = {Equipe abnTeX2},
    Title = {Modelo Canônico de Relatório Técnico e/ou Científico com abnTeX2},
    Url = {http://abntex2.googlecode.com/},
    Year = {2013},
    Bdsk-Url-1 = {http://code.google.com/p/abntex2/}}

@manual{abntex2modelo,
    Annote = {Este documento é derivado do \cite{abnt-bibtex-doc}},
    Author = {abnTeX2},
    Date-Added = {2013-01-12 22:55:32 +0000},
    Date-Modified = {2013-02-04 12:05:54 +0000},
    Organization = {Equipe abnTeX2},
    Title = {Modelo Canônico de Trabalho Acadêmico com abnTeX2},
    Url = {http://abntex2.googlecode.com/},
    Year = {2013},
    Bdsk-Url-1 = {http://code.google.com/p/abntex2/}}

@mastersthesis{araujo2012,
    Address = {Brasília},
    Author = {Lauro César Araujo},
    Date-Added = {2013-01-09 11:04:42 +0000},
    Date-Modified = {2013-01-09 11:04:42 +0000},
    Month = {03},
    School = {Universidade de Brasília},
    Subtitle = {uma perspectiva de {A}rquitetura da {I}nformação da {E}scola de {B}rasília},
    Title = {Configuração},
    Year = {2012}}

@manual{memoir,
    Address = {Normandy Park, WA},
    Author = {Peter Wilson and Lars Madsen},
    Date-Added = {2013-01-09 10:37:50 +0000},
    Date-Modified = {2013-03-21 13:23:25 +0000},
    Organization = {The Herries Press},
    Title = {The Memoir Class for Configurable Typesetting - User Guide},
    Url = {http://mirrors.ctan.org/macros/latex/contrib/memoir/memman.pdf},
    Urlaccessdate = {2012-12-19},
    Year = {2010},
    Bdsk-Url-1 = {http://ctan.tche.br/macros/latex/contrib/memoir/memman.pdf}}

@manual{abntex2cite-alf,
    Annote = {Este documento é derivado do \cite{abnt-bibtex-alf-doc}},
    Author = {abnTeX2 and Lauro César Araujo},
    Date-Added = {2013-01-09 10:37:45 +0000},
    Date-Modified = {2013-04-05 11:03:05 +0000},
    Organization = {Equipe abnTeX2},
    Title = {O pacote abntex2cite: tópicos específicos da ABNT NBR 10520:2002 e o estilo bibliográfico alfabético (sistema autor-data)},
    Url = {http://abntex2.googlecode.com/},
    Year = {2013},
    Bdsk-Url-1 = {http://code.google.com/p/abntex2/}}

@manual{abntex2cite,
    Annote = {Este documento é derivado do \cite{abnt-bibtex-doc}},
    Author = {abnTeX2 and Lauro César Araujo},
    Date-Added = {2013-01-09 10:37:45 +0000},
    Date-Modified = {2013-04-05 10:47:36 +0000},
    Organization = {Equipe abnTeX2},
    Title = {O pacote abntex2cite: Estilos bibliográficos compatíveis com a ABNT NBR 6023},
    Url = {http://abntex2.googlecode.com/},
    Year = {2013},
    Bdsk-Url-1 = {http://code.google.com/p/abntex2/}}

@manual{abntex2classe,
    Author = {abnTeX2 and Lauro César Araujo},
    Date-Added = {2013-01-09 10:37:38 +0000},
    Date-Modified = {2013-04-05 11:03:48 +0000},
    Organization = {Equipe abnTeX2},
    Title = {A classe abntex2: Modelo canônico de trabalhos acadêmicos brasileiros compatível com as normas ABNT NBR 14724:2011, ABNT NBR 6024:2012 e outras},
    Url = {http://abntex2.googlecode.com/},
    Year = {2013},
    Bdsk-Url-1 = {http://code.google.com/p/abntex2/}}

@manual{NBR10520:2002,
    Address = {Rio de Janeiro},
    Date-Added = {2012-12-15 21:43:38 +0000},
    Date-Modified = {2013-01-12 22:17:20 +0000},
    Month = {08},
    Org-Short = {ABNT},
    Organization = {Associação Brasileira de Normas Técnicas},
    Pages = 7,
    Subtitle = {Informação e documentação --- Apresentação de citações em documentos},
    Title = {{NBR} 10520},
    Year = 2002}

@manual{NBR6024:2012,
    Address = {Rio de Janeiro},
    Date-Added = {2012-12-15 21:24:06 +0000},
    Date-Modified = {2012-12-15 21:24:28 +0000},
    Month = {02},
    Org-Short = {ABNT},
    Organization = {Associação Brasileira de Normas Técnicas},
    Pages = 4,
    Subtitle = {Numeração progressiva das seções de um documento},
    Title = {{NBR} 6024},
    Year = 2012}

@manual{NBR6028:2003,
    Address = {Rio de Janeiro},
    Date-Added = {2012-12-15 21:02:12 +0000},
    Date-Modified = {2012-12-15 21:02:50 +0000},
    Month = {11},
    Org-Short = {ABNT},
    Organization = {Associação Brasileira de Normas Técnicas},
    Pages = 2,
    Subtitle = {Resumo - Apresentação},
    Title = {{NBR} 6028},
    Year = 2003}

@manual{NBR14724:2001,
    Address = {Rio de Janeiro},
    Date-Added = {2012-12-15 20:34:08 +0000},
    Date-Modified = {2012-12-15 20:34:08 +0000},
    Month = {07},
    Org-Short = {ABNT},
    Organization = {Associação Brasileira de Normas Técnicas},
    Pages = 6,
    Subtitle = {Informação e documentação --- trabalhos acadêmicos --- apresentação},
    Title = {{NBR} 14724},
    Year = 2001}

@manual{NBR14724:2002,
    Address = {Rio de Janeiro},
    Date-Added = {2012-12-15 20:34:17 +0000},
    Date-Modified = {2012-12-15 20:34:17 +0000},
    Month = {08},
    Org-Short = {ABNT},
    Organization = {Associação Brasileira de Normas Técnicas},
    Pages = 6,
    Subtitle = {Informação e documentação --- trabalhos acadêmicos --- apresentação},
    Title = {{NBR} 14724},
    Year = 2002}

@manual{NBR14724:2005,
    Address = {Rio de Janeiro},
    Date-Added = {2012-12-15 20:34:08 +0000},
    Date-Modified = {2012-12-15 20:35:25 +0000},
    Month = {12},
    Org-Short = {ABNT},
    Organization = {Associação Brasileira de Normas Técnicas},
    Pages = 9,
    Subtitle = {Informação e documentação --- trabalhos acadêmicos --- apresentação},
    Title = {{NBR} 14724},
    Year = 2005}

@manual{NBR14724:2011,
    Address = {Rio de Janeiro},
    Date-Added = {2012-12-15 20:34:08 +0000},
    Date-Modified = {2012-12-15 20:35:25 +0000},
    Month = {03},
    Note = {Substitui a Ref.{~}\citeonline{NBR14724:2005}},
    Org-Short = {ABNT},
    Organization = {Associação Brasileira de Normas Técnicas},
    Pages = 15,
    Subtitle = {Informação e documentação --- trabalhos acadêmicos --- apresentação},
    Title = {{NBR} 14724},
    Year = 2011}

@article{van86,
    Author = {{van}, Gigch, John P. and Leo L. Pipino},
    Journal = {Future Computing Systems},
    Number = {1},
    Pages = {71-97},
    Title = {In search for a paradigm for the discipline of information systems},
    Volume = {1},
    Year = {1986}}

@phdthesis{guizzardi2005,
    Address = {Enschede, The Netherlands},
    Author = {Giancarlo Guizzardi},
    Date-Added = {2012-04-23 11:35:28 +0000},
    Date-Modified = {2012-04-23 11:35:28 +0000},
    School = {Centre for Telematics and Information Technology, University of Twente},
    Title = {Ontological Foundations for Structural Conceptual Models},
    Url = {http://www.loa.istc.cnr.it/Guizzardi/SELMAS-CR.pdf},
    Urlaccessdate = {2011-07-03},
    Year = {2005}
    }

@mastersthesis{macedo2005,
    Author = {Flávia L. Macedo},
    Date-Added = {2012-04-23 11:35:13 +0000},
    Date-Modified = {2012-04-23 11:35:13 +0000},
    Keywords = {arquitetura da informação},
    School = {Universidade de Brasília},
    Title = {Arquitetura da Informação: aspectos espistemológicos, científicos e práticos.},
    Type = {Dissertação de Mestrado},
    Year = {2005}}

@manual{EIA649B,
    Address = {EUA},
    Date-Added = {2012-04-23 11:34:59 +0000},
    Date-Modified = {2012-04-23 11:34:59 +0000},
    Keywords = {norma},
    Month = {06},
    Organization = {TechAmerica},
    Title = {ANSI/EIA 649-B: Configuration Management Standard},
    Year = {2011}}

@inproceedings{masolo2010,
    Author = {Claudio Masolo},
    Booktitle = {Proceedings of the Twelfth International Conference on the Principles of Knowledge Representation and Reasoning (KR 2010)},
    Date-Added = {2012-04-23 11:34:38 +0000},
    Date-Modified = {2012-04-23 11:34:38 +0000},
    Editor = {Lin, F. and Sattler, U.},
    Pages = {258-268},
    Publisher = {AAAI Press},
    Title = {Understanding Ontological Levels},
    Url = {http://wiki.loa-cnr.it/Papers/kr10v0.7.pdf},
    Urlaccessdate = {2012-01-02},
    Year = {2010},
    Bdsk-Url-1 = {http://wiki.loa-cnr.it/Papers/kr10v0.7.pdf}}

@inbook{guarino1995,
    Address = {Vienna},
    Author = {Nicola Guarino},
    Booktitle = {Philosophy and the Cognitive Science},
    Date-Added = {2012-04-23 11:34:29 +0000},
    Date-Modified = {2012-04-23 11:34:29 +0000},
    Editor = {R. Casati and B. Smith and G. White},
    Month = {09},
    Pages = {443-456},
    Publisher = {Holder-Pivhler-Tempsky},
    Title = {The Ontological Level},
    Url = {http://wiki.loa-cnr.it/Papers/OntLev.pdf},
    Urlaccessdate = {2012-01-02},
    Year = {1995},
    Bdsk-Url-1 = {http://wiki.loa-cnr.it/Papers/OntLev.pdf}}

@incollection{bates2010,
    Address = {New York},
    Author = {Marcia J. Bates},
    Booktitle = {Encyclopedia of Library and Information Sciences},
    Date-Added = {2012-04-23 11:34:29 +0000},
    Date-Modified = {2012-04-23 11:34:29 +0000},
    Edition = {3rd},
    Editor = {Marcia J. Bates and Mary Niles Maack},
    Pages = {2347-2360},
    Publisher = {CRC Press},
    Title = {Information},
    Url = {http://pages.gseis.ucla.edu/faculty/bates/articles/information.html},
    Urlaccessdate = {2011-10-24},
    Volume = {3},
    Year = {2010}
    }

@article{Andres2011,
author = {Andr{\'{e}}s, Artur and Bor{\'{e}}m, Fausto},
file = {:Users/mac/Google Drive/00{\_}doutorado/artigos referencia/2011{\_}-{\_}ANDRES{\_}e{\_}BOREM{\_}Uakti.pdf:pdf},
journal = {Per Musi,n.23},
keywords = {a {\'{e}}poca do stradivarius,acoustical musical instruments,at{\'{e}} hoje n{\~{a}}o foi,de desenvolvimento,de perfei{\c{c}}{\~{a}}o muito,grande,music performance,organology,os instrumentos ac{\'{u}}sticos tradicionais,popular music composition,superada,tendo atingido um n{\'{i}}vel,tiveram sua {\'{e}}poca {\'{a}}urea,uakti},
pages = {170--184},
title = {{O grupo UAKTI : tr{\^{e}}s d{\'{e}}cadas de m{\'{u}}sica instrumental e de novos instrumentos musicais ac{\'{u}}sticos}},
year = {2011}
}


@article{Bogdanov2013,
abstract = {Comunicaci{\'{o}} presentada a la 14th International Society for Music Information Retrieval Conference, celebrada a Curitiba (Brasil) els dies 4 a 8 de novembre de 2013.},
author = {Bogdanov, Dmitry and Wack, Nicolas and {G{\'{o}}mez Guti{\'{e}}rrez}, Emilia, 1975- and Gulati, Sankalp and {Herrera Boyer}, Perfecto and Mayor, Oscar and {Roma Trepat}, Gerard and Salamon, Justin and {Zapata Gonz{\'{a}}lez}, Jos{\'{e}} Ricardo and Serra, Xavier},
file = {::},
keywords = {Inform{\`{a}}tica,M{\'{u}}sica},
publisher = {International Society for Music Information Retrieval (ISMIR)},
title = {{Essentia: an audio analysis library for music information retrieval}},
url = {https://repositori.upf.edu/handle/10230/32252},
year = {2013}
}

@book{doxiadis1965,
    Author = {Constantinos A. Doxiadis},
    Date-Added = {2012-04-23 11:34:20 +0000},
    Date-Modified = {2012-04-23 11:34:20 +0000},
    Publisher = {Ceira - Coimbra},
    Title = {Arquitetura em Transição},
    Year = {1965}}


    
@misc{Adenot2015,
author = {Adenot, Paul and Wilson, Chris},
booktitle = {W3C Editor's Draft},
title = {{Web Audio API}},
url = {http://webaudio.github.io/web-audio-api/},
urldate = {2018-04-25},
year = {2015}
}

@article{Akkermans2011,
author = {Akkermans, V. and Font, F. and Funollet, J. and de Jong, B. and Roma, G. and Togias, S. and Serra, X.},
keywords = {Bases de dades,Freesound,Xarxes socials en l{\'{i}}nia},
publisher = {ISMIR},
title = {{Freesound 2: An improved platform for sharing audio clips}},
booktitle = {Proc. ISMIR},
url = {https://repositori.upf.edu/handle/10230/22726},
year = {2011},
journal = {Proc. ISMIR}
}

@InProceedings{Akkermann2014computer,
	author={Akkermann, Miriam},
	year = {2014},
	title={Computer Network Music Approximation to a far-scattered history},
	booktitle = {Proceedings of the EMS14 - Electroacoustic Music Beyond Concert Performance},
	organization = {Electroacoustic Music Studies Network},
	pages = {1--7}
}

@article{Albert2012,
author = {Albert, Jeff},
issn = {1712-0624},
journal = {Critical Studies in Improvisation},
keywords = {Computer Music Performance,Improvisation},
month = {may},
number = {1},
title = {{Improvisation as Tool and Intention}},
url = {http://www.criticalimprov.com/article/view/1558},
volume = {8},
year = {2012}
}



@article{Andrade1928,
author = {de Andrade, Oswald},
file = {:Users/mac/Google Drive/00{\_}doutorado/artigos referencia/oandrade.pdf:pdf},
journal = {Revista de Antropofagia},
number = {1922},
pages = {1--4},
title = {{Manifesto Antrop{\'{o}}fago - Oswald de Andrade}},
volume = {1},
year = {1928}
}


@book{artesuporte,
language = {en},
mendeley-groups = {Zotero - Zotero Library},
pages = {33},
publisher = {Casa das Rosas},
title = {{Arte suporte computador}},
url = {https://books.google.com.br/books?id=pXGbGwAACAAJ},
year = {1997}
}
  
@article{bell1979thinking,
  title={Thinking ahead},
  author={Bell, Daniel},
  journal={Harvard Business Review},
  volume={57},
  number={3},
  pages={20--42},
  year={1979}
}

@inproceedings{Bahadoran:2018,
	Author = {Bahadoran, Parham and Benito, Adan L. and Vassallo, Thomas and Reiss, Joshua D},
	Booktitle = {Proc. Audio Engineering Society Convention},
	Title = {FXive: A Web Platform for Procedural Sound Synthesis},
	Year = {2018}}

@article{Barbosa2015,
author = {Barbosa, Jeronimo and Malloch, Joseph and Wanderley, Marcelo M. and Huot, St{\'{e}}phane},
file = {:Users/mac/Library/Application Support/Mendeley Desktop/Downloaded/Barbosa et al. - 2015 - What does {\&}quot Evaluation {\&}quot mean for the NIME community(2).pdf:pdf},
month = {may},
pages = {156--161},
publisher = {Louisiana State University},
title = {{What does " Evaluation " mean for the NIME community?}},
url = {https://hal.inria.fr/hal-01158080/},
year = {2015}
}

@book{Barbrook2009,
author = {Barbrook, Richard},
file = {:Users/mac/Google Drive/00{\_}doutorado/livros/Richard Barbrook Futuros Imagin{\'{a}}rios - Das M{\'{a}}quinas Pensantes {\'{A}} Aldeia Global.pdf:pdf},
pages = {447},
title = {{Futuros imagin{\'{a}}rios: das m{\'{a}}quinas pensantes {\`{a}} aldeia global}},
url = {http://futurosimaginarios.midiatatica.info/futuros{\_}imaginarios.pdf},
year = {2009}
}


@inproceedings{jbarbosa:2017,
title = "Exploring Playfulness in NIME Design: The Case of Live Looping Tools",
author = "Jeronimo Barbosa and Marcelo M. Wanderley and Stéphane Huot",
Booktitle = {Proc. NIME},
Address = {Copenhagen, Denmark},
Publisher = {Aalborg University Copenhagen},
Url = {http://www.nime.org/proceedings/2017/nime2017_paper0018.pdf},
year = 2017,
pages = "87--92"
}

@inproceedings{Barbosa2017,
author = {Barbosa, Jeronimo and Wanderley, Marcelo M and Huot, St{\'{e}}phane},
booktitle = {Proc. NIME},
file = {:Users/mac/Library/Application Support/Mendeley Desktop/Downloaded/Barbosa, Wanderley, Huot - Unknown - Exploring Playfulness in NIME Design The Case of Live Looping Tools.pdf:pdf},
keywords = {Live Looping,Ludic Design,New Interfaces for Musical Expression,Play,Playfulness,User Experience},
pages = {87--92},
title = {{Exploring Playfulness in NIME Design: The Case of Live Looping Tools}},
url = {http://www.nime.org/proceedings/2017/nime2017{\_}paper0018.pdf https://hal.inria.fr/hal-01528923/document},
year = {2017}
}

@misc{barbrook1999cyber,
  title={The:: Cyber. com/munist:: Manifesto},
  author={Barbrook, Richard},
  year={1999}
}

@book{Barbrook2009,
author = {Barbrook, Richard},
keywords = {Globaliza{\c{c}}{\~{a}}o,Internet - aspectos sociais,Previs{\~{a}}o,Sociedade da informa{\c{c}}{\~{a}}o,Tecnologias de Informa{\c{c}}{\~{a}}o e Comunica{\c{c}}{\~{a}}o},
pages = {447},
title = {{Futuros imagin{\'{a}}rios: das m{\'{a}}quinas pensantes {\`{a}} aldeia global}},
url = {http://futurosimaginarios.midiatatica.info/futuros{\_}imaginarios.pdf},
year = {2009}
}

@article{Barry2008,
author = {Barry, Andrew and Born, Georgina and Weszkalnys, Gisa},
file = {:Users/mac/Google Drive/00{\_}doutorado/artigos referencia/Logics{\_}of{\_}interdisciplinarity.pdf:pdf},
journal = {Economy and Society},
mendeley-groups = {Zotero - Zotero Library},
month = {feb},
number = {1},
pages = {20--49},
title = {{Logics of interdisciplinarity}},
volume = {37},
year = {2008}
}

@book{Barthes1978,
address = {New York},
author = {Barthes, Roland},
file = {:Users/mac/Google Drive/00{\_}doutorado/livros/Barthes{\_}{\_}Roland{\_}-{\_}Image{\_}Music{\_}Text.pdf:pdf},
language = {English},
month = {jul},
pages = {220},
publisher = {Hill and Wang},
title = {{Image-Music-Text}},
translator = {Heath, Stephen},
year = {1978}
}

@article{Barthet:11a,
	Author = {Barthet, M. and Depalle, P. and Kronland-Martinet, R. and Ystad, S.},
	Date-Modified = {2011-02-09 14:43:18 +0000},
	Journal = {Music Perception},
	Number = {3},
	Owner = {Mathieu},
	Pages = {265-278},
	Timestamp = {2009.06.26},
	Title = {Analysis-by-synthesis of timbre, timing, and dynamics in expressive clarinet performance},
	Volume = {28},
	Year = {2011}}


@book{Baudrillard2012,
address = {S{\~{a}}o Paulo},
author = {Baudrillard, Jean},
edition = {3 edition},
language = {Portuguese Brazilian},
mendeley-groups = {Zotero - Zotero Library},
publisher = {Perspectiva},
title = {{O Sistema dos Objetos}},
year = {2012}
}

@article{beasley1995multiple,
  title={Multiple regression approach to analyzing contingency tables: Post hoc and planned comparison procedures},
  author={Beasley, T Mark and Schumacker, Randall E},
  journal={The Journal of Experimental Education},
  volume={64},
  number={1},
  pages={79--93},
  year={1995},
  publisher={Taylor \& Francis}
}

@article{Berg-1999,
title   = {An introduction to Oswald de Andrade's
              Cannibalist Manifesto},
author  = {Berg, Stephen},
publisher   = {Taylor and Francis Group},
journal = {Third Text},
year    = {1999},
month   = {03},
volume  = {13},
issue   = {46},
page    = {89--91},
}

@article{BERGSTROEM-NIELSEN2016,
author = {Bergstroem-Nielsen, C.},
file = {:Users/mac/Google Drive/00{\_}doutorado/artigos referencia/keywordsonfreeimprovisation.pdf:pdf},
journal = {Music and Arts in Action},
number = {1},
title = {{Keywords in Musical Free Improvisation}},
url = {http://www.musicandartsinaction.net/index.php/maia/article/view/improvkeywords/101},
volume = {5},
year = {2016}
}

@misc{Bernstein2012,
author = {Bernstein, Charles},
title = {{Gertrude Stein's war years: Setting the record straight | Jacket2}},
url = {https://jacket2.org/feature/gertrude-steins-war-years-setting-record-straight},
urldate = {2018-04-24},
year = {2012}
}




@article{Born2015,
author = {Born, Georgina and Devine, Kyle},
file = {:Users/mac/Google Drive/00{\_}doutorado/artigos referencia/born{\_}music{\_}gender{\_}class.pdf:pdf},
journal = {Twentieth-Century Music},
mendeley-groups = {Zotero - Zotero Library},
month = {sep},
number = {02},
pages = {135--172},
shorttitle = {Music Technology, Gender, and Class},
title = {{Music Technology, Gender, and Class: Digitization, Educational and Social Change in Britain}},
volume = {12},
year = {2015}
}

@book{Bradley2007,
author = {Bradley, Will and Esche, Charles},
booktitle = {Art and Social Change: a critical reader},
pages = {408--421},
title = {{Art and Social Change}},
url = {http://www.thing.net/{~}rdom/ucsd/3somesPlus/ArtandSocialChange.pdf},
year = {2007}
}



@book{Braga2008,
	Address = {S{\~{a}}o Paulo},
	Author = {Braga, Paula. and Aguilar, Gonzalo Mois{\'e}s.},
	Date-Modified = {2017-11-11 16:08:38 +0000},
	Isbn = {8527308053},
	Pages = {362},
	Publisher = {Perspectiva},
	Title = {{Fios soltos: a arte de H{\'e}lio Oiticica. Trans. Loose wires: the art of H{\'e}lio Oiticica}},
	Year = {2008},
	Bdsk-Url-1 = {https://www.livrariacultura.com.br/p/livros/artes-e-fotografia/historia-da-arte-e-fotografia/fios-soltos-a-arte-de-helio-oiticica-11017511}}

@article{Braun2006,
author = {Braun, Virginia and Clarke, Victoria},
issn = {1478-0887},
journal = {Qualitative Research in Psychology},
month = {jan},
number = {2},
title = {{Using thematic analysis in psychology}},
url = {http://www.tandfonline.com/doi/abs/10.1191/1478088706qp063oa},
volume = {3},
year = {2006}
}

@MISC{Brooke:96,
    author = {John Brooke},
    title = {SUS: A quick and dirty usability scale},
    year = {1996}
}

@inproceedings{Buffa:2017,
	Address = {London},
	Author = {Buffa, Michel and Lebrun, J\'er{\^o}me},
	Booktitle = {Proceedings of the Web Audio Conference},
	Title = {Real time tube guitar amplifier simulation using WebAudio},
	Year = {2017}}


@inproceedings{Bundin2016,
abstract = {Presented at the 2nd Web Audio Conference (WAC), April 4-6, 2016, Atlanta, Georgia.},
author = {Bundin, Andrey},
booktitle = {WAC 2016},
keywords = {Abstract,Mobile devices,Performance,Polyphonic synthesizer,Proceedings,Video,Web audio},
publisher = {Georgia Institute of Technology},
title = {{Concert for Smartphones}},
url = {https://smartech.gatech.edu/handle/1853/54639},
year = {2016}
}

@article{bush1945we,
  title={As we may think},
  author={Bush, Vannevar and others},
  journal={The atlantic monthly},
  volume={176},
  number={1},
  pages={101--108},
  year={1945}
}

@book{Cage1968,
author = {Cage, John.},
isbn = {0714510432},
pages = {276},
publisher = {Calder and Boyars},
title = {{Silence : lectures and writings}},
year = {1968}
}

@article{caroline2016radio,
  title={radio. garden},
  author={Caroline, Mitchell and Peter, Lewis and Golo, F{\"o}llmer and Per, Jauert and Jacob, Kreutzfeldt and Alexander, Badenoch and Sonja, de Leeuw},
  year={2016}
}

@book{Campos2004,
abstract = {2a ed. rev. / organização de Trajano Vieira. Alternate pages blank. First ed. published: Ex Libris, 1984. Accompanied by a CD (69 min.) originally issued in 1992, entitled: Isto não é um livro de viagem : fragmentos de Galáxias.},
address = {S{\~{a}}o Paulo},
author = {de. Campos, Haroldo and Vieira, Trajano.},
pages = {127},
publisher = {Editora 34},
title = {{Galáxias}},
year = {2004}
}

@misc{Campos1969,
address = {S{\~{a}}o Paulo},
author = {de Campos, Haroldo},
publisher = {Perspectiva},
title = {{A arte no horizonte do prov{\'{a}}vel}},
year = {1969}
}

@book{campos_teoria_2014,
	Author = {Campos, Augusto de and Campos, Haroldo de and Pignatari, Decio},
	Edition = {Literatura Brasileira edition},
	Isbn = {978-85-7480-678-5},
	Language = {Portuguese Brazilian},
	Publisher = {Atelie},
	Title = {Teoria {Da} {Poesia} {Concreta}. {Textos} {Criticos} {E} {Manifestos} 1950-1960},
	Year = {2014}}


@article{Cannam2010,
	Author = {Chris Cannam and Mark Sandler and Michael O. Jewell and Christophe Rhodes and Mark d'Inverno},
	Eprint = {https://doi.org/10.1080/09298215.2010.522715},
	Journal = {Journal of New Music Research},
	Number = {4},
	Pages = {313-325},
	Publisher = {Routledge},
	Title = {Linked Data and You: Bringing Music Research Software into the Semantic Web},
	Url = {https://doi.org/10.1080/09298215.2010.522715},
	Volume = {39},
	Year = {2010}
   }

@misc{Canonne2016,
author = {Canonne, Cl{\'{e}}ment},
booktitle = {International Review of the Aesthetics and Sociology of Music},
pages = {17--43},
publisher = {Croatian Musicological Society},
title = {{Du concept d'improvisation {\`{a}} la pratique de l'improvisation libre}},
url = {http://www.jstor.org/stable/43869452},
volume = {47},
year = {2016}
}

@inproceedings{canonne2011model,
  title={A model for collective free improvisation},
  author={Canonne, Cl{\'e}ment and Garnier, Nicolas},
  booktitle={International Conference on Mathematics and Computation in Music},
  year={2011},
  organization={Springer}
}


@misc{ccjrealiza,
abstract = {texto de resumo descritivo do portal},
mendeley-groups = {Zotero - Zotero Library},
title = {{CCJ realiza cursos em software livre - Portal da Prefeitura da Cidade de S{\~{a}}o Paulo}},
url = {http://www.prefeitura.sp.gov.br/cidade/secretarias/cultura/teatromunicipal/noticias/?p=3872},
urldate = {2017-01-10}
}

@article{Cherry2014,
author = {Cherry, Erin and Latulipe, Celine},
issn = {10730516},
journal = {ACM Transactions on Computer-Human Interaction},
keywords = {Creativity support tools,evaluation,psychometrics,surveys},
month = {jun},
number = {4},
pages = {1--25},
publisher = {ACM},
title = {{Quantifying the Creativity Support of Digital Tools through the Creativity Support Index}},
volume = {21},
year = {2014}
}

@article{Chion1983,
author = {Chion, Michel},
file = {:Users/mac/Google Drive/00{\_}doutorado/livros/Chion{\_}Michel{\_}Guide{\_}To{\_}Sound{\_}Objects{\_}Pierre{\_}Schaeffer{\_}and{\_}Musical{\_}Research.pdf:pdf},
pages = {210},
title = {{Guide To Sound Objects.}},
url = {http://www.ears.dmu.ac.uk/spip.php?page=articleEars{\&}id{\_}article=3597},
year = {1983}
}

@InProceedings{Choi2013waax,
	Title  = {WAAX: Web Audio {API} eXtension},
	Author = {Hongchan Choi and Jonathan Berger},
	Booktitle   = {Proceedings of the International Conference on NIME},
	Year  = {2013},
	Address  = {Daejeon, Republic of Korea},
	Month = May,
	Pages = {499--502},
	Publisher = {Graduate School of Culture Technology, KAIST}
    }


@misc{chromexp,
abstract = {A showcase of creative experiments programmed in JavaScript, HTML5, and WebGL.},
file = {:Users/mac/Library/Application Support/Mendeley Desktop/Downloaded/Unknown - Unknown - Chrome Experiments.html:html},
mendeley-groups = {Zotero - Zotero Library},
title = {{Chrome Experiments - Home}},
url = {https://www.chromeexperiments.com/ http://www.chromeexperiments.com/},
urldate = {2017-01-13}
}

@article{ChoiHongchan2013,
author = {{Choi, Hongchan} and {Berger, Jonathan}},
file = {:Users/mac/Library/Application Support/Mendeley Desktop/Downloaded/Choi, Hongchan, Berger, Jonathan - 2013 - WAAX Web Audio API eXtension.pdf:pdf},
journal = {13th International Conference on New Interfaces for Musical Expression},
pages = {499--502},
title = {{WAAX: Web Audio API eXtension}},
year = {2013}
}

@misc{Cryer2018,
author = {Cryer, A B},
title = {Max (software) explained},
url = {http://everything.explained.today},
urldate = {2018-10-15},
year = {2018}
}


@article{Collins2003,
author = {Collins, Nick and McLean, Alex and Rohrhuber, Julian and Ward, Adrian},
file = {:Users/mac/Google Drive/00{\_}doutorado/artigos referencia/laptop{\_}performance.pdf:pdf},
journal = {Organised Sound},
mendeley-groups = {Zotero - Zotero Library},
month = {dec},
number = {3},
pages = {321--330},
title = {{Live coding in laptop performance}},
volume = {8},
year = {2003}
}

@misc{Costa,
author = {Costa, Rog{\'{e}}rio},
title = {{The environment of musical improvisation and time}},
url = {https://www.academia.edu/2487884/The{\_}environment{\_}of{\_}musical{\_}improvisation{\_}and{\_}time}
}

@article{costa2013orquestra,
  title={Na Orquestra Errante Ninguém Deve Nada a Ninguém ou... Como Preparar um Ambiente Prop{\'\i}cio {\`a} Pr{\'a}tica da Livre Improvisa{\c{c}}{\~a}o},
  author={Costa, Rog{\'e}rio Luiz Moraes},
  journal={Revista M{\'u}sica Hodie},
  volume={13},
  number={1},
  year={2013}
}

@book{Costa2016,
address = {S{\~{a}}o Paulo},
author = {Costa, Rog{\'{e}}rio},
editor = {Perspectiva},
title = {{M{\'{u}}sica Errante}},
year = {2016}
}

@article{cope1997techniques,
  title={Techniques of the contemporary composer},
  author={Cope, David},
  year={1997},
  publisher={$\{$Wadsworth Publishing$\}$}
}

@book{Clarkson2003,
author = {Clarkson, John},
isbn = {1852337001},
pages = {608},
publisher = {Springer},
title = {{Inclusive design: design for the whole population}},
year = {2003}
}

@misc{DavidCranmer2009,
author = {{David Cranmer}},
title = {{Daphne Oram's Oramics Machine}},
url = {http://www.nervoussquirrel.com/oramics.html},
urldate = {2018-11-27},
year = {2009}
}


@article{Dahl2011,
Author = {{Luke Dahl} and {Jorge Herrera} and {Carr Wilkerson}},
issn = {22204806},
journal = {Proceedings of the International Conference on NIME},
keywords = {audience participation,data visual,interaction,ization,multi user instrument,sonification,text processing,twitter},
number = {June},
pages = {272--275},
title = {{TweetDreams: Making music with the audience and the world using real-time Twitter data}},
url = {http://www.nime2011.org/proceedings/papers/G16-Dahl.pdf},
year = {2011}
}

@article{Delacroix2009,
author = {Delacroix, Etienne},
file = {:Users/mac/Google Drive/00{\_}doutorado/artigos referencia/92-Texto del art{\'{i}}culo-334-1-10-20171021.pdf:pdf},
journal = {topos},
pages = {50--52},
title = {{Arte e inclusi{\'{o}}n “metadigital”: ¿desvelando arte electro-digital?}},
volume = {4},
year = {2009}
}


@book{dewey1980,
    Address = {New York, NY, USA},
    Author = {John Dewey},
    Date-Added = {2012-04-23 11:34:16 +0000},
    Date-Modified = {2012-04-23 11:34:16 +0000},
    Publisher = {Perigee Books},
    Title = {Art as Experience},
    Year = {1980}
    }
    
@article{Dobrian2006,
author = {Dobrian, Christopher and Koppelman, Daniel},
journal = {Proc. NIME},
keywords = {expression,instrument design,performance,virtuosity},
pages = {277--282},
publisher = {IRCAM — Centre Pompidou},
title = {{The 'E' in NIME: musical expression with new computer interfaces}},
url = {https://dl.acm.org/citation.cfm?id=1142283},
year = {2006}
}

@article{drummond2009understanding,
  title={Understanding interactive systems},
  author={Drummond, Jon},
  journal={Organised Sound},
  volume={14},
  number={2},
  pages={124--133},
  year={2009},
  publisher={Cambridge University Press}
}

@article{Eco1991,
author = {Eco, Umberto},
language = {Portuguese Brazilian},
mendeley-groups = {Zotero - Zotero Library},
pages = {291},
publisher = {Perspectiva},
title = {{Obra Aberta}},
year = {1991}
}

@article{eco2006poetics,
  title={The Poetics of the Open Work. 1962},
  author={Eco, Umberto},
  journal={Participation: Documents of Contemporary Art},
  pages={20--40},
  year={2006}
}

@book{Eco1970,
address = {S{\~{a}}o Paulo},
author = {Eco, Umberto and de Carvalho, Pérola},
pages = {386},
publisher = {Perspectiva},
title = {{Apocalípticos e integrados}},
year = {1970}
}


@article{Engelbart1962,
archivePrefix = {arXiv},
arxivId = {arXiv:1011.1669v3},
author = {Engelbart, Douglas},
journal = {Contract},
pages = {80},
pmid = {25246403},
title = {{Augmenting Human Intellect: A Conceptual Framework}},
url = {https://www.dougengelbart.org/pubs/augment-3906.html},
volume = {49},
year = {1962}
}

@inproceedings{engelbart1968research,
  title={A research center for augmenting human intellect},
  author={Engelbart, Douglas C and English, William K},
  booktitle={Proceedings of the December 9-11, 1968, fall joint computer conference, part I},
  pages={395--410},
  year={1968},
  organization={ACM}
}

@article{Eigenfeldt2011,
doi = {10.1017/S1355771811000094},
file = {:Users/mac/Google Drive/00{\_}doutorado/artigos referencia/Real-time Composition as Performance Ecosystem .pdf:pdf},
isbn = {1355771811},
issn = {13557718},
journal = {Organised Sound},
number = {2},
pages = {145--153},
title = {{Real-time composition as performance ecosystem}},
volume = {16},
year = {2011}
}

@misc{Arneeigenfeldt2010,
author = {Arne eigenfeldt},
title = {{Coming Together - Freesound - YouTube}},
url = {https://www.youtube.com/watch?v=jFD2A8bX8TM},
year = {2010}
}


@article{essl2009interactivity,
  title={Interactivity for mobile music-making},
  author={Essl, Georg and Rohs, Michael},
  journal={Organised Sound},
  volume={14},
  number={2},
  year={2009},
  publisher={Cambridge University Press}
}

@inproceedings{Fazekas:2014,
	Address = {Cham},
	Author = {Fazekas, Gy{\"o}rgy and Barthet, Mathieu and Sandler, Mark B.},
	Booktitle = {Sound, Music, and Motion},
	Editor = {Aramaki, Mitsuko and Derrien, Olivier and Kronland-Martinet, Richard and Ystad, S{\o}lvi},
	Isbn = {978-3-319-12976-1},
	Pages = {122--147},
	Publisher = {Springer International Publishing},
	Title = {Novel Methods in Facilitating Audience and Performer Interaction Using the Mood Conductor Framework},
    Url = {https://doi.org/10.1007/978-3-319-12976-1_8},
	Year = {2014}}

@book{Freire2015,
address = {Rio de Janeiro},
archivePrefix = {arXiv},
arxivId = {arXiv:gr-qc/9809069v1},
author = {Freire, Paulo},
eprint = {9809069v1},
pmid = {15003161},
primaryClass = {arXiv:gr-qc},
publisher = {Paz e Terra},
title = {{Educa{\c{c}}{\~{a}}o como Pr{\'{a}}tica da Liberdade}},
url = {http://www.estantevirtual.com.br/q/paulo-freire-educacao-como-pratica-da-liberdade},
year = {2015}
}

@article{Feenstra2016,
abstract = {Presented at the 2nd Web Audio Conference (WAC), April 4-6, 2016, Atlanta, Georgia.},
author = {Feenstra, Evan},
keywords = {Abstract,Demonstration,Music production,Proceedings,Web audio},
publisher = {WAC},
title = {{BeatPush}},
url = {https://smartech.gatech.edu/handle/1853/54627},
year = {2016},
journal = {Proc. WAC}
}

 @misc{noauthor_transglasphone_nodate,
 author = {Female Laptop Orchestra},
	Abstract = {A Telematic Performance, In Transglasph{\=o}n{\=e}, by the Female Laptop Orchestra -  performing remotely from London at CMMR 2016, University of S{\~a}o Paulo.},
	Date-Modified = {2017-11-11 16:08:38 +0000},
	File = {Snapshot:/Users/ari/Library/Application Support/Zotero/Profiles/nh15bdne.default/zotero/storage/DVTS3SAR/in-transglasphone.html:text/html},
	Journal = {CRiSAP},
	Title = {In {Transglasph{\=o}n{\=e}}},
	Urldate = {2017-01-19},
	Bdsk-Url-1 = {http://www.crisap.org/event/in-transglasphone/}}

@book{Ferro2015,
author = {Ferro, S{\'{e}}rgio},
editor = {{Editora 34}},
language = {Portuguese Brazilian},
mendeley-groups = {Zotero - Zotero Library},
publisher = {Editora 34},
title = {{Artes Pl{\'{a}}sticas e Trabalho Livre}},
year = {2015}
}

@book{FerroSergio2002,
author = {{Ferro, Sergio}},
mendeley-groups = {Zotero - Zotero Library},
pages = {38},
publisher = {Gfau},
title = {conversa com s{\'{e}}rgio ferro},
year = {2002}
}

@inproceedings{Fiebrink2007,
address = {New York, NY, USA},
author = {Fiebrink, Rebecca and Wang, Ge and Cook, Perry R.},
file = {:Users/mac/Google Drive/00{\_}doutorado/artigos referencia/dont-forget-laptop.pdf:pdf},
keywords = {collaborative laptop performance,interfaces,laptop-based,mapping,physical,strategies},
mendeley-groups = {Zotero - Zotero Library},
mendeley-tags = {collaborative laptop performance,interfaces,laptop-based,mapping,physical,strategies},
pages = {164--167},
publisher = {ACM},
series = {NIME '07},
shorttitle = {Don'T Forget the Laptop},
title = {{Don'T Forget the Laptop: Using Native Input Capabilities for Expressive Musical Control}},
year = {2007}
}

@article{Font2013,
address = {New York, NY, USA},
author = {Font, Frederic and Roma, Gerard and Serra, Xavier},
isbn = {9781450324045},
journal = {Proc. ACM - MM '13},
publisher = {ACM},
series = {MM '13},
title = {{Freesound technical demo}},
year = {2013}
}

@inproceedings{Font2016,
author = {Font, Frederic and Brookes, Tim and Fazekas, George and Guerber, Martin and {La Burthe}, Amaury and Plans, David and Plumbley, Mark D. and Shaashua, Meir and Wang, Wenwu and Serra, Xavier},
file = {:Users/mac/Google Drive/00{\_}doutorado/artigos referencia/audiocommons{\_}aes{\_}2016.pdf:pdf},
language = {English},
month = {feb},
publisher = {Audio Engineering Society},
shorttitle = {Audio Commons},
title = {{Audio Commons: Bringing Creative Commons Audio Content to the Creative Industries}},
url = {http://www.aes.org/e-lib/browse.cfm?elib=18093 http://www.audiocommons.org/assets/files/audiocommons{\_}aes{\_}2016.pdf},
year = {2016}
}

@article{Font2016a,
author = {Font, Frederic and Bandiera, Giuseppe},
file = {:Users/mac/Library/Application Support/Mendeley Desktop/Downloaded/Font, Bandiera - Unknown - Freesound Explorer Make Music While Discovering Freesound!.pdf:pdf},
journal = {Proc. WAC},
title = {{Freesound Explorer: Make Music While Discovering Freesound!}},
year = {2016}
}

@article{Font2015,
author = {Font, Frederic and Serra, Xavier},
file = {:Users/mac/Google Drive/00{\_}doutorado/artigos referencia/audiocommons{\_}ismir{\_}2015.pdf:pdf},
journal = {Proc. ISMIR},
pages = {3--4},
title = {{The Audio Commons Initiative}},
year = {2015}
}

@inproceedings{Font2016,
author = {Font, Frederic and Brookes, Tim and Fazekas, George and Guerber, Martin and {La Burthe}, Amaury and Plans, David and Plumbley, Mark D. and Shaashua, Meir and Wang, Wenwu and Serra, Xavier},
language = {English},
month = {feb},
publisher = {Audio Engineering Society},
shorttitle = {Audio Commons},
title = {{Audio Commons: Bringing Creative Commons Audio Content to the Creative Industries}},
year = {2016}
}


@article{audiocommons2016,
author = {Font, F. and Brookes, T. and Fazekas and G.and Guerber and M., Barthet and A.~L. and Plans, D.},
journal = {International Conference on Live Coding},
title = {AES International Conference: Audio for Games},
year = {2016}
}


@article{Font2013,
address = {New York, NY, USA},
author = {Font, Frederic and Roma, Gerard and Serra, Xavier},
file = {:Users/mac/Google Drive/00{\_}doutorado/artigos referencia/Freesound-demo-2013.pdf:pdf},
journal = {Proceedings of the 21st ACM international conference on Multimedia - MM '13},
keywords = {audio clips,freesound,online databases,sound},
pages = {411--412},
publisher = {ACM},
series = {MM '13},
title = {{Freesound technical demo}},
year = {2013}
}

@misc{freeapi,
title = {{APIv2 Overview — Freesound API documentation}},
url = {https://www.freesound.org/docs/api/overview.html},
urldate = {2017-01-18}
}

@article{freeman2011collaborative,
  title={Collaborative textual improvisation in a laptop ensemble},
  author={Freeman, J. and Van Troyer, A.},
  journal={Computer Music Journal},
  volume={35},
  number={2},
  pages={8--21},
  year={2011},
  publisher={MIT Press}
}

@article{garcia2003cellwise,
  title={Cellwise residual analysis in two-way contingency tables},
  author={Garcia-Perez, Miguel A and Nunez-Anton, Vicente},
  journal={Educational and psychological measurement},
  volume={63},
  number={5},
  pages={825--839},
  year={2003},
  publisher={Sage Publications}
}


@inproceedings{Gaye2006,
address = {Paris, France, France},
author = {Gaye, Lalya and Holmquist, L.E. and Behrendt, Frauke and Tanaka, Atau},
booktitle = {Proceedings of the 2006 conference on New interfaces for musical expression},
file = {:Users/mac/Library/Application Support/Mendeley Desktop/Downloaded/Gaye et al. - 2006 - Mobile Music Technology Report on an Emerging Community.pdf:pdf},
pages = {22--25},
publisher = {IRCAM — Centre Pompidou},
series = {NIME '06},
shorttitle = {Mobile Music Technology},
title = {{Mobile music technology: Report on an emerging community}},
year = {2006}
}



@misc{GiselleBeiguelman,
author = {{Giselle Beiguelman}},
booktitle = {Revista Tr{\'{o}}pico},
title = {{Fontes.etc}},
url = {http://www.revistatropico.com.br/tropico/html/textos/695,1.shl},
urldate = {2018-06-12}
}

@misc{GiselleBeiguelman1,
author = {{Giselle Beiguelman}},
booktitle = {Revista Tr{\'{o}}pico},
title = {{Fontes.etc}},
url = {http://www.revistatropico.com.br/tropico/html/textos/695,1.shl},
urldate = {2018-06-12}
}

@article{Greenberg,
author = {Greenberg, Saul and Buxton, Bill},
file = {:Users/mac/Library/Application Support/Mendeley Desktop/Downloaded/Greenberg, Buxton - Unknown - Usability Evaluation Considered Harmful (Some of the Time).pdf:pdf},
journal = {Proc. CHI 2008},
keywords = {Author Keywords Usability testing,HCI),User Interfaces (Evaluation/Methodology),interface critiques},
pages = {111--120},
title = {{Usability Evaluation Considered Harmful (Some of the Time)}},
url = {https://www.billbuxton.com/usabilityHarmful.pdf},
year = {2008}
}



@misc{ChrisHalaby2011,
author = {{Chris Halaby}},
keywords = {AAX,AU,Android,Audio Units,LV2,Plugins,Rack Extensions,VST,VST Plugins,Virtual Effects,Virtual Instruments,iOS},
title = {{KVR: "It was 21 years ago today..." - How The First Software DAW Came About}},
url = {https://www.kvraudio.com/focus/it{\_}was{\_}21{\_}years{\_}ago{\_}today{\_}how{\_}the{\_}first{\_}software{\_}daw{\_}came{\_}about{\_}15898},
urldate = {2018-10-15},
year = {2011}
}



@article{hazzard2015considering,
  title={Considering musical structure in location-based experiences},
  author={Hazzard, Adrian and Benford, Steve and Chamberlain, Alan and Greenhalgh, Chris},
  year={2015}
}

@article{Hendler2008,
author = {Hendler, James and Shadbolt, Nigel and Hall, Wendy and Berners-lee, Tim and Weitzner, Daniel},
file = {:Users/mac/Google Drive/00{\_}doutorado/artigos referencia/Web science- an interdisciplinary approach to understanding the web.pdf:pdf},
journal = {Communications of the ACM - Web science},
keywords = {web science,world wide web},
pages = {60--69},
title = {{Web Science : An interdisciplinary approach to understanding the World Wide Web}},
volume = {51},
year = {2008}
}

@article{Henrique1996,
author = {Iazzetta, Fernando},
publisher = {Tese de Doutorado em Comunica{\c{c}}{\~{a}}o e Semi{\'{o}}tica},
title = {{Sons de Sil{\'{i}}cio Sons de Sil{\'{i}}cio}},
url = {http://www2.eca.usp.br/prof/iazzetta/papers/tese.htm},
year = {1996}
}

@incollection{Holland2015,
address = {London; Heidelberg; New York},
author = {Holland, Simon and Wilkie, Katie and Mulholland, Paul and Seago, Allan},
edition = {2013 editi},
editor = {Holland, Simon and Wilkie, Katie and Mulholland, Paul and Seago, Allan},
language = {English},
month = {apr},
pages = {1--28},
publisher = {Springer},
title = {{Music Interaction: Understanding Music and Human-Computer Interaction}},
year = {2013}
}

@book{Holmes1985,
address = {New York},
author = {Holmes, Thom},
publisher = {Routledge},
title = {{Electronic and Experimental Music: technology, music and culture}},
year = {1985}
}


@book{Metamagical1986,
   title =     {Metamagical Themas: Questing For The Essence Of Mind And Pattern},
   author =    {Douglas Hofstadter},
   publisher = {Basic Books},
   isbn =      {9780465045662,0465045669},
   year =      {1985},
   url =       {http://gen.lib.rus.ec/book/index.php?md5=6910910E0B051896C4E87F232DA81D14}}

@book{Hosken,
address = {New York},
author = {Hosken, Dan},
file = {:Users/mac/Google Drive/00{\_}doutorado/livros/An Introduction to Music Technology.pdf:pdf},
publisher = {Routledge},
title = {{An Introduction to Music Technology}}
}

@book{Hugill2012,
author = {Hugill, Andrew},
booktitle = {The Digital Musician, Second Edition},
file = {:Users/mac/Google Drive/00{\_}doutorado/livros/Andrew Hugill-The Digital Musician{\_} Creating Music with Digital Technology-Routledge (2007).pdf:pdf},
pages = {1--316},
title = {{The digital musician, second edition}},
year = {2012}
}

@article{IAZZETTA1997,
author = {IAZZETTA, Fernando},
file = {:Users/mac/Google Drive/00{\_}doutorado/artigos referencia/opus.pdf:pdf},
issn = {15177017},
journal = {Revista Opus},
pages = {1--20},
title = {{A M{\'{u}}sica , o Corpo e as M{\'{a}}quinas}},
volume = {4},
year = {1997}
}


@phdthesis{Jacome2007,
author = {Jacome, Jarbas},
school = {Universidade Federal de Pernambuco},
title = {{Sistemas Interativos de Tempo Real para Processamento Audiovisual Integrado}},
year = {2007}
}

@article{Jadhav,
author = {Jadhav, Madhuri A and Sawant, Balkrishna R and Deshmukh, Anushree and Mumbai, Navi},
keywords = {AngularJS,Web Application,— Single Page Application},
title = {{Single Page Application using AngularJS}},
url = {http://citeseerx.ist.psu.edu/viewdoc/download?doi=10.1.1.736.4771{\&}rep=rep1{\&}type=pdf}
}


  @misc{JasonDavies,
author = {{Jason Davies}},
title = {{Word Cloud Generator}},
url = {https://www.jasondavies.com/wordcloud/},
urldate = {2017-11-14}
}

@inproceedings{Jillings2017,
author = {Jillings, Nicholas and Stables, Ryan},
booktitle = {WAC 2017},
file = {:Users/mac/Library/Application Support/Mendeley Desktop/Downloaded/Jillings, Stables - 2017 - An Intelligent audio workstation in the browser.pdf:pdf},
keywords = {Article},
month = {aug},
title = {{An Intelligent audio workstation in the browser}},
url = {https://qmro.qmul.ac.uk/xmlui/handle/123456789/26146},
year = {2017}
}

@book{johnson2001cultura,
  title={Cultura da interface: como o computador transforma nossa maneira de criar e comunicar},
  author={Johnson, Steven},
  year={2001},
  publisher={Zahar}
}

@article{jorda2005digital,
  title={Digital Lutherie Crafting musical computers for new musics' performance and improvisation},
  author={Jorda, Sergi},
  journal={Department of Information and Communication Technologies},
  year={2005}
}

@article{Jorda2005,
address = {Singapore, Singapore},
author = {Jord{\'{a}}, Sergi},
file = {:Users/mac/Google Drive/00{\_}doutorado/artigos referencia/multi-user-instruments.pdf:pdf},
journal = {Proceedings of the 2005 International Conference for New Instruments for Musical Expression (NIME-2005)},
pages = {23--26},
publisher = {National University of Singapore},
series = {NIME '05},
shorttitle = {Multi-user Instruments},
title = {{Multi-user instruments: Models, examples and promises}},
year = {2005}
}




@article{Jordan1996,
pages = {252},
author = {John Brooke},
publisher = {Taylor {\&} Francis},
title = {{SUS: a 'quick and dirty' usability scale}},
year = {1996}
}

@book{kattwinkel2003audience,
	Author = {Kattwinkel, Susan},
	Number = {101},
	Publisher = {Greenwood Publishing Group},
	Title = {Audience participation: Essays on inclusion in performance},
	Year = {2003}}

@misc{khouri2011livro,
  title={O livro das mil-e-uma coisas: textos breves sobre comunica{\c{c}}{\~a}o, semi{\'o}tica, artes,(ex-) viventes etc et al},
  author={KHOURI, Omar},
  year={2011},
  publisher={S{\~a}o Paulo, Nomuque Edi{\c{c}}{\~o}es}
}

@article{Keller2018,
author = {Keller, Damián},
journal = {Revista M{\'{u}}sica Hodie},
keywords = {atividades musicais ub{\'{i}}quas,desaf{\'{i}}os para a segunda,d{\'{e}}cada de pesquisa ubimus,everyday creativity,lay-musician interaction,metaphors for creative action,transfer{\^{e}}ncia de conhecimento nas,ubiquitous music},
number = {1},
pages = {147--165},
title = {{Challenges for a second decade of ubimus research : Knowledge transfer in ubimus activities}},
volume = {13},
year = {2018}
}

@book{Keller,
author = {Keller, Damián and Lazzarini, Victor and Pimenta, Marcelo S.},
pages = {153},
publisher = {Springer},
title = {{Ubiquitous music}}
}

@article{Keller2018,
author = {Keller, Dami{\'{a}}n},
journal = {Revista M{\'{u}}sica Hodie},
number = {1},
title = {{Challenges for a second decade of ubimus research : Knowledge transfer in ubimus activities}},
volume = {13},
year = {2018}
}

 @article{Koelsch:2014,
	Author = {Koelsch, Stefan},
	Isbn = {1471-003X},
	Journal = {Nat Rev Neurosci},
	Month = {03},
	Number = {3},
	Pages = {170--180},
	Publisher = {Nature Publishing Group, a division of Macmillan Publishers Limited. All Rights Reserved.},
	Title = {Brain correlates of music-evoked emotions},
	Ty = {JOUR},
	Volume = {15},
	Year = {2014},
}
    
@book{Kostek:2010,
 author = {Kostek, Bozena},
 title = {Perception-Based Data Processing in Acoustics: Applications to Music Information Retrieval and Psychophysiology of Hearing},
 year = {2010},
 isbn = {3642065147, 9783642065149},
 edition = {1st},
 publisher = {Springer Publishing Company, Incorporated},
} 

@article{knuth-meta-font_1982,
	title = {The {Concept} of {Meta}-{Font}},
	volume = {XVI},
	journal = {Visble Language},
	author = {{Donald E. Knuth}},
	year = {1982},
	pages = {3--27},
	file = {the-concept-of-metafont.pdf:/Users/ari/Library/Application Support/Zotero/Profiles/nh15bdne.default/zotero/storage/65P45M4I/the-concept-of-metafont.pdf:application/pdf}
}

@inproceedings{Lambert:2016,
	Address = {Atlanta, USA},
	Author = {Lambert, J.-P. and Robaszkiewicz, S. and Schnell, N.},
	Booktitle = {Proc. of Web Audio Conference (WAC)},
	Date-Added = {2016-09-04 13:42:14 +0000},
	Date-Modified = {2016-09-04 13:43:57 +0000},
	Title = {Synchronisation for Distributed Audio Rendering over Heterogeneous Devices, in HTML5},
	Year = {2016}}


@book{leanux,
  title={Lean UX: Applying lean principles to improve user experience},
  author={Gothelf, Jeff},
  year={2013},
  publisher={O'Reilly Media, Inc.}
}

@article{Lee2012a,
author = {Lee, Sang Won},
file = {:Users/mac/Google Drive/00{\_}doutorado/artigos referencia/lee{\_}sang{\_}w{\_}201208{\_}mast.pdf:pdf},
number = {August},
pages = {96},
title = {{Audience participation using mobile phones as musical instruments}},
year = {2012}
}

@article{Lee,
author = {Lee, Sang Won and Bang, Jungho and Essl, Georg},
journal = {Proc. NIME},
keywords = {Author Keywords live coding,YouTube,streaming video},
pages = {261--266},
title = {{Live Coding YouTube: Organizing Streaming Media for an Audiovisual Performance}},
url = {http://www.nime.org/proceedings/2017/nime2017{\_}paper0049.pdf},
year = {2017}
}

@inproceedings{Lee2015,
address = {Baton Rouge, Louisiana, USA},
author = {Lee, Sang Won and Essl, Georg},
booktitle = {Proceedings of the International Conference on New Interfaces for Musical Expression},
keywords = {Live Coding,Live Writing,Visualization,Web Audio},
pages = {65--69},
publisher = {The School of Music and the Center for Computation and Technology (CCT), Louisiana State University},
series = {NIME 2015},
title = {{Web-Based Temporal Typography for Musical Expression and Performance}},
year = {2015}
}

@inproceedings{Lee2016,
abstract = {WAC 2016},
author = {Lee, Sang Won and de Carvalho, Antonio Deusany Jr. and Essl, Georg},
booktitle = {Proc. WAC},
file = {:Users/mac/Library/Application Support/Mendeley Desktop/Downloaded/Lee, de Carvalho, Essl - 2016 - Crowd in Cloud.pdf:pdf},
isbn = {978-0-692-61973-5},
keywords = {Abstract,Musical profiles,Networked interactive music,Performance,Proceedings,Video,Web audio},
title = {{Crowd in C[loud]}},
url = {https://smartech.gatech.edu/handle/1853/54644},
year = {2016}
}

@article{Lee2012,
author = {Lee, Sang Won},
file = {:Users/mac/Google Drive/00{\_}doutorado/artigos referencia/lee{\_}sang{\_}w{\_}201208{\_}mast.pdf:pdf},
number = {August},
pages = {96},
title = {{Audience participation using mobile phones as musical instruments}},
year = {2012}
}

@book{Levinson2001,
author = {Levinson, Paul.},
file = {:Users/mac/Google Drive/00{\_}doutorado/livros/Paul Levinson-Digital McLuhan{\_} A Guide to the Information Millennium (2001).pdf:pdf},
pages = {226},
publisher = {Routledge},
title = {{Digital McLuhan : a guide to the information millennium}},
year = {2001}
}

@article{Lesli-1991,
title   = {Oswald de Andrade's "Cannibalist Manifesto"},
author  = {Leslie Bary},
journal = {Latin American Literary Review},
year    = {1991},
month   = {07-12},
volume  = {19},
issue   = {38},
page    = {35--37},
}

@inproceedings{Lind2017,
author = {Lind, Fredrik and MacPherson, Andrew},
booktitle = {WAC 2017},
keywords = {Other},
month = {aug},
title = {{Soundtrap: A collaborative music studio with Web Audio}},
url = {https://qmro.qmul.ac.uk/xmlui/handle/123456789/26162},
year = {2017}
}

@article{Lima2009,
author = {de Lima, Cl{\'{o}}vis Ricardo Montenegro and Santini, Rose Marie and Santini, Rose Marie},
file = {:Users/mac/Library/Application Support/Mendeley Desktop/Downloaded/Lima, Santini, Santini - 2009 - C{\'{o}}digo aberto e produ{\c{c}}{\~{a}}o colaborativa nos pontos de cultura.html:html},
issn = {18099386},
journal = {Contemporanea - Revista de Comunica{\c{c}}{\~{a}}o e Cultura},
language = {pt},
month = {jul},
number = {0},
title = {{C{\'{o}}digo aberto e produ{\c{c}}{\~{a}}o colaborativa nos pontos de cultura}},
url = {https://portalseer.ufba.br/index.php/contemporaneaposcom/article/view/3497},
volume = {0},
year = {2009}
}

@phdthesis{Lima2018,
author = {Lima, Joz{\'{e}} Guilherme Allen},
file = {:Users/mac/Google Drive/00{\_}doutorado/livros/JGALima-Tese-V1.pdf:pdf},
school = {Universidade de S{\~{a}}o Paulo},
title = {{Pr{\'{a}}ticas de luteria na m{\'{u}}sica experimental brasileira}},
year = {2018}
}



@inproceedings{Liikkanen2014,
address = {New York, NY, USA},
author = {Liikkanen, Lassi A. and Kilpi{\"{o}}, Harri and Svan, Lauri and Hiltunen, Miko},
booktitle = {Proceedings of the 8th Nordic Conference on Human-Computer Interaction Fun, Fast, Foundational - NordiCHI '14},
file = {:Users/mac/Library/Application Support/Mendeley Desktop/Downloaded/Liikkanen et al. - 2014 - Lean UX The Next Generation of User-centered Agile Development.pdf:pdf},
keywords = {human-centered design,lean UX,user experience},
pages = {1095--1100},
publisher = {ACM},
series = {NordiCHI '14},
shorttitle = {Lean UX},
title = {{Lean UX}},
year = {2014}
}

@article{Madell:2007,
	Author = {Dr. Dominic E. Madell and Steven J. Muncer},
	Eprint = {https://doi.org/10.1089/cpb.2006.9980},
	Journal = {CyberPsychology \& Behavior},
	Note = {PMID: 17305461},
	Number = {1},
	Pages = {137-140},
	Title = {Control over Social Interactions: An Important Reason for Young People's Use of the Internet and Mobile Phones for Communication?},
	Url = {https://doi.org/10.1089/cpb.2006.9980},
	Volume = {10},
	Year = {2007}}

@article{MarilenaChaui2008,
author = {marilena Chau{\'{i}}},
file = {:Users/mac/Library/Application Support/Mendeley Desktop/Downloaded/marilena Chau{\'{i}} - 2008 - Cultura e Democracia.pdf:pdf},
issn = {1999-8104},
journal = {Revista Latinoamericana de Ci{\^{e}}ncias Sociales},
mendeley-groups = {Zotero - Zotero Library},
number = {1},
pages = {53--76},
title = {{Cultura e Democracia}},
url = {http://bibliotecavirtual.clacso.org.ar/ar/libros/secret/CyE/cye3S2a.pdf},
volume = {1},
year = {2008}
}

@article{Magnusson2010,
author = {Magnusson, Thor},
journal = {Computer Music Journal},
month = {dec},
number = {4},
pages = {62--73},
title = {{Designing Constraints: Composing and Performing with Digital Musical Systems}},
url = {http://www.mitpressjournals.org/doi/10.1162/COMJ{\_}a{\_}00026},
volume = {34},
year = {2010}
}

@article{Martens2018,
author = {Martens, Bertin and Aguiar, Luis and G{\'{o}}mez, Estrella and Mueller-Langer, Frank},
file = {:Users/mac/Google Drive/00{\_}doutorado/artigos referencia/SSRN-fakenews.pdf:pdf},
journal = {Ssrn},
keywords = {L82,algorithmic news distribution,disinformation,fake news,news aggregators,online news markets,social media},
number = {April},
title = {{The Digital Transformation of News Media and the Rise of Disinformation and Fake News}},
year = {2018}
}

@article{Mauceri1997,
author = {Mauceri, Frank X.},
file = {:Users/mac/Library/Application Support/Mendeley Desktop/Downloaded/Mauceri - 1997 - From Experimental Music to Musical Experiment.pdf:pdf},
journal = {Perspectives of New Music},
mendeley-groups = {Zotero - Zotero Library},
number = {1},
pages = {187--204},
title = {{From experimental music to musical experiment}},
volume = {35},
year = {1997}
}

@book{McCullough1998,
	Author = {McCullough, Malcolm.},
	Isbn = {026263189X},
	Pages = {309},
	Publisher = {MIT Press},
	Title = {{Abstracting craft : the practiced digital hand}},
	Year = {1998}}

@article{McDermott2013,
address = {London},
author = {McDermott, James and Gifford, Toby and Bouwer, Anders and Wagy, Mark},
file = {:Users/mac/Google Drive/00{\_}doutorado/livros/(Springer Series on Cultural Computing) Simon Holland, Katie Wilkie, Paul Mulholland (auth.), Simon Holland, Katie Wilkie, Paul Mulholland, Allan Seago (eds.)-Music and Human-Compu.pdf:pdf},
publisher = {Springer},
title = {{Should Music Interaction Be Easy?}},
year = {2013}
}

@article{mcluhan1968comunicaccoes,
  title={Comunica{\c{c}}{\~o}es de massa e cultura tecnol{\'o}gica},
  author={Mcluhan, Marshall},
  journal={Revolu{\c{c}}ao na Comunica{\c{c}}ao, colet{\^a}nea de artigos sob a organiza{\c{c}}{\~a}o de E. Car-penter e M. Mc Luhan, Trad. Alvaro Cabrai, Rio, Zahar Editora},
  pages={220},
  year={1968}
}

@article{Mcluhan1996,
author = {Mcluhan, Marshall},
edition = {12 edition},
language = {Portuguese Brazilian},
mendeley-groups = {Zotero - Zotero Library},
pages = {407},
publisher = {Cultrix},
title = {{Os meios de comunica{\c{c}}{\~{a}}o como extens{\~{o}}es do homem}},
year = {1996}
}

@book{luhan1964marshall,
  title={Marshall: Understanding Media--the extensions of man},
  author={Luhan, Mc},
  year={1964},
  publisher={Mc Graw Hill, New York}
}

@article{Merz2013,
author = {Merz, Evan X},
journal = {Musical Metacreation: AIIDE Workshop},
keywords = {AAAI Technical Report WS-13-22},
pages = {83--90},
title = {{Composing with All Sound Using the FreeSound and Wordnik APIs}},
year = {2013}
}

@book{miller2011playing,
  title={Playing Along: Music, Video Games, and Networked Amateurs},
  author={Miller, Kiri},
  year={2011},
  publisher={Oxford University Press}
}


@book{miranda2006new,
  title={New digital musical instruments: control and interaction beyond the keyboard},
  author={Miranda, Eduardo Reck and Wanderley, Marcelo M},
  volume={21},
  year={2006},
  publisher={AR Editions, Inc.}
}

@book{Miranda2006,
author = {Miranda, Eduardo Reck and Wanderley, Marcelo M.},
pages = {295},
title = {{New Digital Musical Instruments: Control And Interaction Beyond the Keyboard (Computer Music and Digital Audio Series)}},
year = {2006}
}

@book{moggridge2007designing,
  title={Designing interactions},
  author={Moggridge, Bill and Atkinson, Bill},
  volume={17},
  year={2007},
  publisher={MIT press Cambridge, MA}
}

@article{Murphy1991,
author = {Murphy, Margueritte S.},
file = {:Users/mac/Google Drive/00{\_}doutorado/artigos referencia/1208563.pdf:pdf},
journal = {Contemporary Literature},
number = {3},
pages = {383},
publisher = {University of Wisconsin Press},
title = {{Familiar Strangers: The Household Words of Gertrude Stein's Tender Buttons}},
url = {http://www.jstor.org/stable/1208563?origin=crossref},
volume = {32},
year = {1991}
}

@article{North2002,
author = {North, Michael},
file = {:Users/mac/Library/Application Support/Mendeley Desktop/Downloaded/North - 2002 - Words in Motion The Movies, the Readies, and the Revolution of the Word.pdf:pdf},
journal = {Modernism/modernity},
mendeley-groups = {Zotero - Zotero Library},
month = {apr},
number = {2},
pages = {205--223},
shorttitle = {Words in Motion},
title = {{Words in Motion: The Movies, the Readies, and the "Revolution of the Word"}},
url = {https://muse.jhu.edu/article/23490},
volume = {9},
year = {2002}
}

@misc{Nyman1999,
author = {Nyman, Michael},
month = {jul},
pages = {218},
publisher = {Cambridge University Press},
shorttitle = {Experimental Music},
title = {{Experimental Music : Cage and Beyond (Music in the Twentieth Century)}},
year = {1999}
}

@article{noland2006digital,
  title={Digital gestures},
  author={Noland, Carrie},
  journal={New Media Poetics. Contexts, technotexts, and theories},
  pages={217--244},
  year={2006}
}

@phdthesis{Obici2014,
author = {Obici, Giuliano},
pages = {155},
school = {Universidade de S{\~{a}}o Paulo},
title = {{Gambiarra e Experimentalismo Sonoro (Tese de doutorado)}},
type = {Tese de Doutorado},
year = {2014}
}


@article{Ogborn2015,
author = {Ogborn, David and Tsabary, Eldad and Jarvis, Ian and C{\'{a}}rdenas, Alexandra and McLean, Alex},
journal = {International Conference on Live Coding},
title = {extramuros: making music in a browser-based, language-neutral collaborative live coding environment},
url = {http://iclc.livecodenetwork.org/2015/html/100.html},
year = {2015}
}

@book{Oliveros2012,
author = {Oliveros, Pauline},
edition = {2 edition},
file = {:Users/mac/Library/Application Support/Mendeley Desktop/Downloaded/Oliveros - 2015 - Software for People.pdf:pdf},
language = {English},
month = {dec},
pages = {288},
publisher = {CreateSpace Independent Publishing Platform},
title = {{Software for People}},
year = {2012}
}

@inproceedings{OliverHodl2012,
address = {Lijubjana},
author = {{Oliver H{\"{o}}dl} and {Fares Kayali} and {Geraldine Fitzpatrick}},
booktitle = {ICMC 2012},
file = {:Users/mac/Google Drive/00{\_}doutorado/artigos referencia/designing-interactive-audience-participation-using-smart.pdf:pdf},
keywords = {collaborative laptop performance,interfaces,laptop-based,mapping,physical,strategies},
mendeley-groups = {Zotero - Zotero Library},
mendeley-tags = {collaborative laptop performance,interfaces,laptop-based,mapping,physical,strategies},
pages = {232--241},
publisher = {ICMC},
series = {ICMC 2012},
title = {{Designing Interactive Audience Participation Using Smart Phones in a Musical Performance}},
url = {http://quod.lib.umich.edu/cgi/p/pod/dod-idx/designing-interactive-audience-participation-using-smart.pdf?c=icmc;idno=bbp2372.2012.042},
year = {2012}
}

@book{Oram1972,
author = {Oram, Daphne},
pages = {176},
publisher = {Galliard},
title = {{An individual note: of music, sound and electronics}},
year = {1972}
}


@inproceedings{Ordiales2017,
author = {Ordiales, Hern{\'{a}}n and Bruno, Mat{\'{i}}as Lennie},
booktitle = {Proc. Audio Mostly},
title = {{Sound recycling from public databases}},
year = {2017}
}

@misc{Overholt2009,
author = {Overholt, Dan},
booktitle = {Organised Sound},
month = {aug},
number = {2},
pages = {217--226},
publisher = {Cambridge University Press},
title = {{The musical interface technology design space}},
volume = {14},
year = {2009}
}

@article{Perloff1996,
author = {Perloff, Marjorie},
file = {:Users/mac/Google Drive/00{\_}doutorado/artigos referencia/perloff{\_}grammar{\_}in{\_}use.pdf:pdf},
journal = {South Central Review},
number = {2/3},
pages = {35},
publisher = {The Johns Hopkins University PressThe South Central Modern Language Association},
title = {{Grammar in Use: Wittgenstein / Gertrude Stein / Marinetti}},
url = {https://www.jstor.org/stable/3190371?origin=crossref},
volume = {13},
year = {1996}
}

@book{Pignatari2004,
address = {Cotia},
author = {Pignatari, Decio},
edition = {Cincias Ex},
language = {Portuguese Brazilian},
mendeley-groups = {Zotero - Zotero Library},
publisher = {Ateli{\^{e}}},
title = {{Contracomunica{\c{c}}{\~{a}}o}},
year = {2004}
}

@book{pignatari2003informaccao,
  title={Informa{\c{c}}{\~a}o. Linguagem. Comunica{\c{c}}{\~a}o},
  author={Pignatari, D{\'e}cio},
  year={2003},
  publisher={Ateli{\^e} Editorial}
}

@inproceedings{Pigrem2017,
author = {Pigrem, Jon and Barthet, Mathieu},
booktitle = {Proc. Audio Mostly},
file = {:Users/mac/Library/Application Support/Mendeley Desktop/Downloaded/Pigrem, Barthet - 2017 - Datascaping.pdf:pdf},
isbn = {9781450353731},
keywords = {acoustic ecology,data sonification,generative music,soundscape composition},
title = {{Datascaping: Data Sonification as a Narrative Device in Soundscape Composition}},
year = {2017}
}

@inbook{Pimenta:2014,
  title={Prologue -- Ubiquitous Music: A Manifesto},
  booktitle={Ubiquitous music},
  author={Pimenta, M. S. and Keller, D. and Lazzarini, V.},
  year={2014},
  publisher={Springer}
}

@misc{PMSP2008,
abstract = {texto de resumo descritivo do portal},
author = {PMSP},
mendeley-groups = {Zotero - Zotero Library},
title = {{CCJ realiza cursos em software livre - Portal da Prefeitura da Cidade de S{\~{a}}o Paulo}},
url = {http://www.prefeitura.sp.gov.br/cidade/secretarias/cultura/teatromunicipal/noticias/?p=3872},
urldate = {2017-01-10},
year = {2008}
}


@inproceedings{PucketteMiller,
author = {Puckette, Miller},
booktitle = {Proceedings of the Electroacoustic Music Studies Network Conference},
number = {June},
pages = {1--8},
title = {{The Deadly Embrace Between Music Software and Its Users}},
year = {2014}
}

@article{Jakobson,
author = {Jakobson, Roman},
file = {:Users/mac/Library/Application Support/Mendeley Desktop/Downloaded/Jakobson - Unknown - Linguistics and Poetics.pdf:pdf},
title = {{Linguistics and Poetics}},
year = 1960,
url = {http://pubman.mpdl.mpg.de/pubman/item/escidoc:2350615/component/escidoc:2350614/Jakobson{\_}1960{\_}Linguistics{\_}poetics.pdf}
}

@misc{JosephParadiso1998,
author = {{Joseph Paradiso}},
booktitle = {MIT Media Laboratory},
title = {{Electronic Music Interfaces}},
url = {https://web.archive.org/web/20150302082747/http://web.media.mit.edu/{~}joep/SpectrumWeb/SpectrumX.html},
urldate = {2018-10-15},
year = {1998}
}

@book{JulioPlaza1969,
address = {S{\~{a}}o Paulo},
author = {{Julio Plaza}},
file = {:Users/mac/Google Drive/00{\_}doutorado/livros/Plaza{\_}Julio{\_}Traducao{\_}intersemiotica.pdf:pdf},
publisher = {Perspectiva},
title = {{Tradu{\c{c}}{\~{a}}o Intersemi{\'{o}}tica}},
year = {1969}
}

@article{Oh2011,
author = {Oh, Jieun and Wang, Ge},
journal = {Proceedings of the International Computer Music Conference},
pages = {665--672},
title = {{Audience-participation techniques based on social mobile computing}},
url = {https://ccrma.stanford.edu/groups/mcd/publish/files/2011-icmc-audience.pdf},
volume = {2},
year = {2011}
}

@article{Poupyrev2001,
address = {New York, NY, USA},
author = {Poupyrev, Ivan and Lyons, Michael J. and Fels, Sidney and {Blaine Bean}, Tina},
journal = {ACM Conference on Human Factors in Computing Systems (CHI)},
pages = {491},
publisher = {ACM},
series = {CHI EA '01},
title = {{New Interfaces for Musical Expression}},
year = {2001}
}

@article{PucketteMiller,
author = {{Puckette, Miller}},
file = {:Users/mac/Library/Application Support/Mendeley Desktop/Downloaded/Puckette, Miller - Unknown - The Deadly Embrace Between Music Software and Its Users.pdf:pdf},
journal = {Online Proceedings, Electroacoustic Music Studies Conerence, Berlin},
mendeley-groups = {Zotero - Zotero Library},
title = {{The Deadly Embrace Between Music Software and Its Users.}},
url = {http://msp.ucsd.edu/Publications/pdf{\_}EMS14{\_}puckette.pdf}
}

@book{Reas2014,
address = {Cambridge, Massachusetts},
author = {Reas, Casey and Fry, Ben},
file = {:Users/mac/Google Drive/00{\_}doutorado/livros/processing.pdf:pdf},
language = {English},
mendeley-groups = {Zotero - Zotero Library},
month = {dec},
pages = {672},
publisher = {The MIT Press},
shorttitle = {Processing},
title = {{Processing: A Programming Handbook for Visual Designers and Artists}},
year = {2014}
}

@phdthesis{Ribeiro2006,
author = {Ribeiro, Ana Carolina Carmona},
school = {Universidade de S{\~{a}}o Paulo},
title = {{Trans Forma A{\c{c}}{\~{a}}o}},
type = {TFG},
url = {http://contradesenho.com/textos/acc-arteparatransformacao.pdf},
year = {2006}
}

@misc{Roads1996,
author = {Roads, Curtis},
number = {6},
pages = {133},
publisher = {The MIT Press},
title = {{The computer music tutorial}},
volume = {32},
year = {1996}
}


@article{Roberts2013,
author = {Roberts, Charles and Wakefield, Graham and Wright, Matthew},
file = {:Users/mac/Google Drive/00{\_}doutorado/artigos referencia/web browser interface.pdf:pdf},
journal = {Proceedings of the International Conference on New Interfaces for Musical Expression},
keywords = {browser-based NIMEs,javascript,mobile devices,web audio,websockets},
pages = {313--318},
title = {{The Web Browser As Synthesizer And Interface}},
url = {http://nime2013.kaist.ac.kr\%5Cnhttp://www.nime.org/proceedings/2013/},
year = {2013}
}

@inproceedings{Roberts2012gibberlivecoding,
	title={Gibber: Live coding audio in the browser},
	author={Roberts, Charlie and Kuchera-Morin, JoAnn},
	booktitle={Proceedings of the International Computer Music Conference (ICMC)},
	year={2012},
	address = {Ljubljana, Slovenia},
	organization = {IRZU - the Institute for Sonic Arts Research},
	publisher = {International Computer Music Association}
}

@article{Rohde2014,
author = {Rohde, Bruno and Soares, Guilherme Rafael},
pages = {392--407},
title = {{M{\'{u}}sica M{\'{o}}vel : processo criativo de produ{\c{c}}{\~{a}}o de c{\'{o}}digo aberto para aplicativos musicais com interfaces gr{\'{a}}ficas " touch screen " para dispositivos Android A est{\'{e}}tica do " hacking " do c{\'{o}}digo aberto}},
year = {2014}
}


@incollection{Roma2013,
address = {Hershey, PA},
author = {Roma, Gerard and Herrera, Perfecto},
booktitle = {Structuring Music through Markup Language},
file = {:Users/mac/Google Drive/00{\_}doutorado/artigos referencia/Roma-Book-2013.pdf:pdf},
pages = {119--134},
publisher = {IGI Global},
title = {{Representing Music as Work in Progress}},
url = {http://services.igi-global.com/resolvedoi/resolve.aspx?doi=10.4018/978-1-4666-2497-9.ch006},
year = {2013}
}

@misc{reich1998escute,
  title={Escute, Z{\'e}-ningu{\'e}m!(1948). Trad. Wald{\'e}a Barcellos},
  author={REICH, Wilhelm},
  year={2010},
  publisher={S{\~a}o Paulo: Martins Fontes}
}


@book{ruder_typography:_2009,
	address = {Niederteufen},
	edition = {4th edition},
	title = {Typography: {A} {Manual} of {Design}: {A} {Textbook} of {Design}},
	isbn = {978-3-7212-0043-0},
	shorttitle = {Typography},
	language = {English, German, French},
	publisher = {Verlag Niggli},
	author = {Ruder, Emil},
	month = jan,
	year = {2009}
}

@article{XENAKIS1985,
author = {XENAKIS, Iannis},
file = {:Users/mac/Google Drive/00{\_}doutorado/livros/iannis xenakis - music composition treks.pdf:pdf},
journal = {Composers and the computer},
pages = {170--192},
title = {{Music Composition Treks Composers and the Computer. Los Altos: William Kaufmann:}},
year = {1985}
}



@article{Scandurra2016,
author = {Scandurra, Daniel and Stolfi, Ariane and Schiavo, Bruno and Kerhart, Gabriel and Reynaldo, João},
file = {:Users/mac/Google Drive/00{\_}doutorado/artigos referencia/codigo{\_}acrobata.pdf:pdf},
journal = {Revista Acrobata},
number = {ARTE É},
title = {{CÓDIGO : REVISTA : CÓDIGO : INTERNET}},
url = {https://issuu.com/revistaacrobata/docs/acrobata\_5},
volume = {5},
year = {2016}
}

@phdthesis{Multimeios2001,
author = {Scarassatti, Marco Antônio Farias},
file = {:Users/mac/Google Drive/00{\_}doutorado/livros/Scarassatti{\_}MarcoAntonioFarias{\_}M.pdf:pdf},
school = {Instituto de Artes da UNICAMP},
title = {{RETORNO AO FUTURO : SMETAK E SUAS PLASTICAS SONORAS}},
type = {Dissertação de Mestrado},
year = {2001}
}



@article{Schaeffer2007,
author = {Schaeffer, P and REIBEL, G},
file = {:Users/mac/Google Drive/00{\_}doutorado/livros/Schaeffer{\_}SolfejoObjeto{\_}port.pdf:pdf},
journal = {Tradu{\c{c}}{\~{a}}o de Ant{\'{o}}nio de Sousa Dias. Paris:},
title = {{Solfejo do objecto sonoro}},
url = {http://www.dmu.uem.br/aulas/tecnologia/SolObjSon/PDFs/Schaeffer{\_}SolfejoObjeto{\_}port.pdf},
year = {2007}
}

@article{Schnell2017,
author = {Schnell, Norbert and Matuszewski, Benjamin},
keywords = {Other},
month = {aug},
title = {{88 Fingers}},
url = {https://qmro.qmul.ac.uk/xmlui/handle/123456789/26172},
year = {2017}
}


@article{Soon2011,
author = {Soon, William},
journal = {Parsons Journal for Information Mapping},
title = {{The Public Interface as an Art-Making Enabler}},
year = {2011}
}

@inproceedings{ArianeStolfi2015,
address = {Campinas},
author = {Stolfi, Ariane},
booktitle = {SBCM},
pages = {256},
title = {{Bandas Cr{\'{i}}ticas}},
url = {http://www.sbc.org.br},
year = {2015}
}




@inproceedings{Stolfi2016,
author = {Stolfi, Ariane De Souza},
booktitle = {Proceedings of CMMR},
file = {:Users/mac/Google Drive/00{\_}doutorado/cmmr/graphic interfaces for musical production-final.pdf:pdf},
keywords = {computer music,design,design ideology,music,music software,production,user interface},
pages = {1--8},
title = {{Graphic Interfaces for Computer Music : Two Models}},
url = {https://www.ime.usp.br/{~}cmmr2016/CMMR2016{\_}proceedings.pdf},
year = {2016}
}

@inproceedings{Stolfi2017,
Author = {Stolfi, A. and Barthet, M. and Gorodscy, F. and Carvalho Jr, A. D.},
	booktitle = {Proc. Audio Mostly},
	Title = {Open Band: A Platform for Collective Sound Dialogues},
    publisher = {ACM},
	Year = {2017}
    }
    
    @inproceedings{Stolfi2017w,
author = {Stolfi, Ariane and Barthet, Mathieu and Gor{\'{o}}dscy, F{\'{a}}bio and Deusany, Antonio and Iazzetta, Fernando},
booktitle = {Web Audio Conference},
file = {:Users/mac/Library/Application Support/Mendeley Desktop/Downloaded/Stolfi et al. - Unknown - Open band Audience Creative Participation Using Web Audio Synthesis.pdf:pdf},
title = {{Open band: Audience Creative Participation Using Web Audio Synthesis}},
url = {http://eecs.qmul.ac.uk/{~}keno/11.pdf},
year = {2017}
}

@article{Stolfi2018,
author = {Stolfi, Ariane and Sokolovskis, Janis and Gor{\'{o}}dscy, Fabio and Iazzetta, Fernando and Barthet, Mathieu},
number = {1},
title = {{Audio Semantics : Online Chat Communication in Open Band Participatory Music Performances}},
journal = {J. Audio Eng. Soc. (in press)},
year = {2018}
}

@article{Stowell,
author = {Stowell, D and Robertson, A and Bryan-Kinns, N and Plumbley, M D},
issn = {10715819},
journal = {International Journal of Human Computer Studies},
keywords = {Music,Qualitative,Quantitative},
number = {11},
pages = {960--975},
title = {{Evaluation of live human-computer music-making: Quantitative and qualitative approaches}},
url = {http://citeseerx.ist.psu.edu/viewdoc/download?doi=10.1.1.160.3899{\&}rep=rep1{\&}type=pdf},
volume = {67},
year = {2009}
}


@article{Schnell2013,
author = {Schnell, Norbert and Eckel, Prof Gerhard and Rolf, Prof and God{\o}y, Inge},
keywords = {computer music,music peda,musicology,philosophy},
number = {October},
pages = {1--184},
title = {{Playing (with) Sound: Of the Animation of Digitized Sounds and their Reenactment by Playful Scenarios in the Design of Interactive Audio Applications}},
year = {2013}
}

@article{Smalley1996,
abstract = {Indicative fields definerende artikkel},
author = {Smalley, Denis},
file = {:Users/mac/Google Drive/00{\_}doutorado/artigos referencia/1996 The listening imagination. Listening in the electroacoustic era - Denis Smalley.pdf:pdf},
isbn = {0749-4467},
issn = {0749-4467},
journal = {Contemporary Music Review},
number = {2},
pages = {77--107},
title = {{The listening imagination: Listening in the electroacoustic era}},
url = {http://www.tandfonline.com/doi/abs/10.1080/07494469600640071},
volume = {13},
year = {1996}
}

@book{Stein1914,
abstract = {Before becoming the patron of Lost Generation artists, Gertrude Stein established her reputation as an innovative author whose style was closer to painting than literature. Stein's strong influence on 20th-century literature is evident in this 1915 work of highly original prose rendered in thought-provoking experimental techniques. Objects -- Food -- Rooms.},
author = {Stein, Gertrude},
isbn = {0486298973},
pages = {52},
title = {{Tender buttons : objects, food, rooms}},
year = {1914}
}

@phdthesis{Stolfi,
author = {ariane souza Stolfi},
pages = {375},
school = {Universidade de S{\~{a}}o Paulo},
title = {world wide web: forma aparente e forma oculta - disserta{\c{c}}{\~{a}}o de mestrado (2010)},
type = {Disserta{\c{c}}{\~{a}}o de Mestrado},
url = {https://www.academia.edu/30771839/world{\_}wide{\_}web{\_}forma{\_}aparente{\_}e{\_}forma{\_}oculta{\_}-{\_}disserta{\c{c}}{\~{a}}o{\_}de{\_}mestrado{\_}2010{\_}},
year = {2011}
}

@inproceedings{Stolfi2017,
author = {Stolfi, Ariane and Barthet, Mathieu and Gor{\'{o}}dscy, F{\'{a}}bio and J{\'{u}}nior, Ant{\^{o}}nio Deusany de Carvalho},
booktitle = {Audio Mostly Proceedings},
file = {:Users/mac/Google Drive/00{\_}doutorado/am2017/open-band-collective.pdf:pdf},
publisher = {ACM},
title = {{Open Band: A Platform for Collective Sound Dialogues}},
year = {2017}
}

@inproceedings{Stolfi2017b,
author = {Stolfi, Ariane and Barthet, Mathieu and Gor{\'{o}}dscy, F{\'{a}}bio and Deusany, Antonio and Iazzetta, Fernando},
booktitle = {Proc. of WAC},
title = {{Open band: Audience Creative Participation Using Web Audio Synthesis}},
url = {http://eecs.qmul.ac.uk/{~}keno/11.pdf},
year = {2017}
}

@inproceedings{Stolfi2018b,
author = {Stolfi, Ariane and Ceriani, Miguel and Turchet, Luca and Barthet, Mathieu},
booktitle = {Proc. Int. Conf. on New Interfaces for Musical Expression},
title = {{Playsound.space: Inclusive Free Music Improvisations Using Audio Commons}},
year = {2018}
}

@article{Stolfi2018,
author = {Stolfi, Ariane and Sokolovskis, Janis and Gor{\'{o}}dscy, Fabio and Iazzetta, Fernando and Barthet, Mathieu},
number = {1},
title = {{Audio Semantics : Online Chat Communication in Open Band Participatory Music Performances}},
journal = {J. Audio Eng. Soc. (in press)},
year = {2018}
}


@article{Stowell,
author = {Stowell, D and Robertson, A and Bryan-Kinns, N and Plumbley, M D},
journal = {International Journal of Human Computer Studies},
keywords = {Music,Qualitative,Quantitative},
number = {11},
pages = {960--975},
volume = {67},
year = {2009}
}

@book{Tenney1988,
abstract = {2nd ed. "Meta+Hodos was originally written by James Tenney as his master's thesis at the University of Illinois, at Champaign-Urbana, in 1961 ... META Meta+Hodos, written in 1975, was first published in the Journal of experimental aesthetics (volume 1, number 1, 1977)"--Publisher's introd.},
author = {Tenney, James. and Polansky, Larry},
pages = {116},
publisher = {Frog Peak Music},
title = {{Meta+Hodos : a phenomenology of 20th-century musical materials and an approach to the study of form ; and, META Meta+Hodos}},
year = {1988}
}


@article{Trueman2007,
abstract = {In 2005, the Princeton Laptop Orchestra (PLOrk), an ensemble of fifteen laptop-based meta-instruments, began its first season. In this article, the author explores the motivations for starting a laptop orchestra, both in musical and cultural terms, and some of the aesthetic, technical, and compositional issues that face those interested in working with such an ensemble.},
author = {Trueman, Dan},
file = {:Users/mac/Google Drive/00{\_}doutorado/artigos referencia/WhyALaptopOrchestra.pdf:pdf},
journal = {Organised Sound},
number = {2},
pages = {171--179},
title = {{Why a laptop orchestra?}},
volume = {12},
year = {2007}
}

@phdthesis{Twyman2004,
author = {Twyman, John},
title = {{( inter ) facing the music The history of the Fairlight Computer Musical Instrument}},
year = {2004}
}


@misc{Vertov,
author = {Vertov, Dziga},
file = {:Users/mac/Library/Application Support/Mendeley Desktop/Downloaded/Unknown - Unknown - UbuWeb Sound - Sound Experiments in The Russian Avant-Garde (1908-1942).html:html},
keywords = {Musikgeschichte,Noise},
title = {{Sound Experiments in The Russian Avant-Garde (1908-1942)}},
url = {http://www.ubu.com/sound/russian{\_}avant.html}
}

@inproceedings{Viola2018,
author = {Viola, Fabio and Stolfi, Ariane and Milo, Alessia and Ceriani, Miguel and Barthet, Mathieu and Fazekas, {G\"yorgy}},
booktitle = {Proc. 1st SAAM Workshop (in press)},
publisher = {ACM},
title = {{Playsound.space: enhancing a live performance tool with semantic recommendations}},
year = {2018}
}

@inproceedings{Waite2015,
address = {Baton Rouge, Louisiana, USA},
author = {Waite, Si},
file = {:Users/mac/Google Drive/00{\_}doutorado/artigos referencia/Reimagining t he Computer Keyboard as a Musical  Interface.pdf:pdf},
pages = {168--169},
publisher = {The School of Music and the Center for Computation and Technology (CCT), Louisiana State University},
series = {NIME 2015},
title = {{Reimagining the Computer Keyboard As a Musical Interface}},
year = {2015}
}

@article{wanderley2006instrumentos,
  title={Instrumentos Musicais Digitais-Gestos, Sensores e Interfaces},
  author={Wanderley, Marcelo M},
  journal={Em Busca da Mente Musical},
  volume={60},
  pages={21},
  year={2006}
}

@article{Wanderley2006,
author = {Wanderley, Marcelo Mortensen},
journal = {Em Busca da Mente Musical},
title = {{Instrumentos Musicais Digitais - Gestos , Sensores e Interfaces}},
volume = {60},
year = {2006}
}

@inproceedings{Weitzner2012,
	Author = {Weitzner, Nathan and Freeman, Jason and Garrett, Stephen and Chen, Yan-ling},
	Booktitle = {Proc. of the International Conference on New Interfaces for Musical Expression},
	Date-Modified = {2016-09-05 14:38:40 +0000},
	File = {:D$\backslash$:/Home/Desktop/Open Symphony literature review/128\_Final\_Manuscript.pdf:pdf},
	Pages = {92--95},
	Title = {{massMobile - an Audience Participation Framework}},
	Year = {2012}}

@article{Wilson2014,
author = {Wilson, Scott and Lorway, Norah and Coull, Rosalyn and Vasilakos, Konstantinos and Moyers, Tim},
journal = {Computer Music Journal},
month = {mar},
number = {1},
pages = {54--64},
title = {{Free as in BEER: Some Explorations into Structured Improvisation Using Networked Live-Coding Systems}},
url = {http://www.mitpressjournals.org/doi/10.1162/COMJ\_a\_00229},
volume = {38},
year = {2014}
}

@misc{HayleyWilliams2015,
author = {{Hayley Williams}},
booktitle = {lifehacker},
title = {{Invisible Women: The Six Human Computers Behind The ENIAC | Lifehacker Australia}},
url = {https://www.lifehacker.com.au/2015/11/invisible-women-the-six-human-computers-behind-the-eniac/},
urldate = {2018-10-15},
year = {2015}
}


@misc{Wyrick,
author = {Wyrick, Dmytri Kleiner {\&}amp; Brian},
mendeley-groups = {Zotero - Zotero Library},
title = {{InfoEnclosure 2.0 | Mute}},
url = {http://www.metamute.org/editorial/articles/infoenclosure-2.0},
urldate = {2016-09-07}
}

@article{wu2017open,
  title={Open Symphony: Creative Participation for Audiences of Live Music Performances},
  author={Wu, Y. and Zhang, L. and Bryan-Kinns, N. and Barthet, M.},
  journal={IEEE MultiMedia},
  volume={24},
  number={1},
  year={2017},
  publisher={IEEE}
}

@article{Wyse2014,
author = {Wyse, Lonce and Subramanian, Srikumar},
file = {:Users/mac/Google Drive/00{\_}doutorado/artigos referencia/The Viability of the Web Browser as a Computer Music Platform.pdf:pdf},
journal = {Computer Music Journal},
month = {dec},
number = {4},
pages = {10--23},
title = {{The Viability of the Web Browser as a Computer Music Platform}},
volume = {37},
year = {2014}
}

@article{Xambo2017,
author = {Xambó, Anna and Roma, Gerard},
pages = {3--5},
title = {{Hyperconnected Action Painting}},
url = {http://eecs.qmul.ac.uk/{~}keno/70.pdf},
year = {2017}
}


@misc{databaz,
title = {{x-tr-m-art » KLEINE MASCHINE}},
url = {http://databaz.org/xtrm-art/?p=439}
}


@misc{youtubestats,
file = {:Users/mac/Library/Application Support/Mendeley Desktop/Downloaded/Unknown - 2014 - 145 Amazing YouTube Statistics.html:html},
month = {apr},
title = {{145 Amazing YouTube Statistics}},
url = {http://expandedramblings.com/index.php/youtube-statistics/},
urldate = {2016-12-21},
year = {2014}
}

@book{Whitney1980,
abstract = {"A McGraw-Hill publication."},
author = {Whitney, John},
isbn = {007070015X},
pages = {235},
publisher = {Byte Books},
title = {{Digital harmony : on the complementarity of music and visual art}},
year = {1980}
}




@article{Xambo2018,
  title={Live Repurposing of Sounds: MIR Explorations with Personal and Crowdsourced Databases},
  author={Xamb{\'o}, Anna and Roma, Gerard and Lerch, Alexander and Barthet, Mathieu and Fazekas, Gy{\"o}rgy},
  booktitle = {Proc. Int. Conf. on New Interfaces for Musical Expression},
  year={2018}
}

@book{Youngblood1970,
author = {Youngblood, Gene},
isbn = {0525472630},
pages = {432},
publisher = {Dutton},
title = {{Expanded cinema.}},
year = {1970}
}


@inproceedings{Zappi2014,
author = {Zappi, Victor and Mcpherson, Andrew P},
booktitle = {Proc. NIME},
keywords = {appropriation,design,embedded hard-ware,interaction,mapping},
pages = {455--460},
title = {{Dimensionality and Appropriation in Digital Musical Instrument Design}},
url = {https://www.eecs.qmul.ac.uk/{~}andrewm/zappi{\_}nime2014.pdf},
year = {2014}
}


@misc{html5,
title = {{HTML5 - HTML | MDN}},
url = {https://developer.mozilla.org/pt-BR/docs/Web/HTML/HTML5},
urldate = {2018-11-18}
}

